<record><leader>00000cas a22000007a 4500</leader><controlfield tag="001">13241277</controlfield><controlfield tag="008">860305d18971902wvuwr ne      0    0eng d</controlfield><datafield ind1=" " ind2=" " tag="010"><subfield code="a">sn 86092313 </subfield></datafield><datafield ind1=" " ind2=" " tag="040"><subfield code="a">WVC</subfield><subfield code="b">eng</subfield><subfield code="c">WVC</subfield><subfield code="d">OCL</subfield><subfield code="d">OCLCQ</subfield></datafield><datafield ind1=" " ind2=" " tag="042"><subfield code="a">msc</subfield></datafield><datafield ind1="0" ind2="0" tag="245"><subfield code="a">Davis weekly news.</subfield></datafield><datafield ind1=" " ind2=" " tag="260"><subfield code="a">Davis, W. Va. :</subfield><subfield code="b">P.A. Hamby</subfield></datafield><datafield ind1=" " ind2=" " tag="300"><subfield code="a">v.</subfield></datafield><datafield ind1=" " ind2=" " tag="310"><subfield code="a">Weekly</subfield></datafield><datafield ind1="1" ind2=" " tag="362"><subfield code="a">Began Dec., 1897.</subfield><subfield code="z">Cf. Fansler, H.F. Hist. of Tucker Co.</subfield></datafield><datafield ind1="1" ind2=" " tag="362"><subfield code="a">Ceased by 1902.</subfield><subfield code="z">Cf. W. Va. State Gazetteer, 1902.</subfield></datafield><datafield ind1=" " ind2=" " tag="588"><subfield code="a">Description based on: Vol. 3, no. 44 (Aug. 30, 1900).</subfield></datafield><datafield ind1=" " ind2=" " tag="752"><subfield code="a">United States</subfield><subfield code="b">West Virginia</subfield><subfield code="c">Tucker</subfield><subfield code="d">Davis.</subfield></datafield><datafield ind1="0" ind2="0" tag="785"><subfield code="t">Davis news</subfield><subfield code="w">(DLC)sn 86092342</subfield></datafield></record>